@misc{Lacy2023Acruise-peakid,
    title = {{acruise-peakid}},
    year = {2023},
    author = {Lacy, S and Sproson, D},
    url = {https://github.com/wacl-york/acruise-peakid}
}

@misc{CambridgeEnvironmentalResearchConsultants2020ADMSGuide,
    title = {{ADMS 6 User Guide}},
    year = {2020},
    author = {{Cambridge Environmental Research Consultants}},
    month = {8},
    url = {https://www.cerc.co.uk/environmental-software/ADMS-model.html}
}

@article{GorchovNegron2020AirborneMexico,
    title = {{Airborne Assessment of Methane Emissions from Offshore Platforms in the U.S. Gulf of Mexico}},
    year = {2020},
    journal = {Environmental Science {\&} Technology},
    author = {Gorchov Negron, A. M. and Kort, Eric A. and Conley, Stephen A. and Smith, Mackenzie L.},
    number = {8},
    month = {4},
    pages = {5112--5120},
    volume = {54},
    doi = {10.1021/acs.est.0c00179},
    issn = {0013-936X}
}

@article{Puhl2023Aircraft-basedSea,
    title = {{Aircraft-based mass balance estimate of methane emissions from offshore gas facilities in the Southern North Sea}},
    year = {2023},
    journal = {Atmospheric Chemistry and Physics Discussions},
    author = {P{\"{u}}hl, M and Roiger, A and Fiehn, A and Gorchov Negron, A M and Kort, E A and Schwietzke, S and Pisso, I and Foulds, A and Lee, J and France, J L and Jones, A E and Lowry, D and Fisher, R E and Huang, L and Shaw, J and Bateson, P and Andrews, S and Young, S and Dominutti, P and Lachlan-Cope, T and Weiss, A and Allen, G},
    pages = {1--32},
    volume = {2023},
    url = {https://acp.copernicus.org/preprints/acp-2022-826/},
    doi = {10.5194/acp-2022-826}
}

@article{Thomson2007AnMethods,
    title = {{An improved algorithm for locating a gas source using inverse methods}},
    year = {2007},
    journal = {Atmospheric Environment},
    author = {Thomson, L C. and Hirst, B and Gibson, G and Gillespie, S and Jonathan, P and Skeldon, K D. and Padgett, M J.},
    number = {6},
    month = {2},
    pages = {1128--1134},
    volume = {41},
    doi = {10.1016/j.atmosenv.2006.10.003},
    issn = {13522310}
}

@incollection{Myhre2013AnthropogenicForcing,
    title = {{Anthropogenic and Natural Radiative Forcing}},
    year = {2013},
    booktitle = {Climate Change 2013: The Physical Science Basis. Contribution of Working Group I to the Fifth Assessment Report of the Intergovernmental Panel on Climate Change},
    author = {Myhre, G and Shindell, D and Br{\'{e}}on, F.-M. and Collins, W and Fuglestvedt, J and Huang, J and Koch, D and Lamarque, J.-F. and Lee, D and Mendoza, B and Nakajima, T and Robock, A and Stephens, G and Takemura, T and Zhang, H},
    editor = {Stocker, T F and Qin, D and Plattner, G.-K. and Tignor, M and Allen, S K and Boschung, J and Nauels, A and Xia, Y and Bex, V and Midgley, P M},
    publisher = {Cambridge University Press},
    url = {https://www.ipcc.ch/site/assets/uploads/2018/02/WG1AR5_all_final.pdf},
    address = {Cambridge, United Kingdom and New York, NY, USA}
}

@inproceedings{Tavner2021ApplicationEnvironment,
    title = {{Application of Long Endurance UAS for Top-Down Methane Emission Measurements of Oil and Gas Facilities in an Offshore Environment}},
    year = {2021},
    booktitle = {Day 2 Wed, September 08, 2021},
    author = {Tavner, Charles Alexander and Touzel, Daniel Francis and Smith, Brendan James},
    month = {9},
    publisher = {SPE},
    doi = {10.2118/205467-MS}
}

@article{OShea2014Area2012,
    title = {{Area fluxes of carbon dioxide, methane, and carbon monoxide derived from airborne measurements around Greater London: A case study during summer 2012}},
    year = {2014},
    journal = {Journal of Geophysical Research: Atmospheres},
    author = {O'Shea, Sebastian J. and Allen, Grant and Fleming, Zoë L. and Bauguitte, Stephane J.‐B. and Percival, Carl J. and Gallagher, Martin W. and Lee, James and Helfter, Carole and Nemitz, Eiko},
    number = {8},
    month = {4},
    pages = {4940--4952},
    volume = {119},
    doi = {10.1002/2013JD021269},
    issn = {2169-897X}
}

@article{Pitt2019AssessingModelling,
    title = {{Assessing London CO{\&}amp;lt;sub{\&}amp;gt;2{\&}amp;lt;/sub{\&}amp;gt;, CH{\&}amp;lt;sub{\&}amp;gt;4{\&}amp;lt;/sub{\&}amp;gt; and CO emissions using aircraft measurements and dispersion modelling}},
    year = {2019},
    journal = {Atmospheric Chemistry and Physics},
    author = {Pitt, Joseph R. and Allen, Grant and Bauguitte, Stéphane J.-B. and Gallagher, Martin W. and Lee, James D. and Drysdale, Will and Nelson, Beth and Manning, Alistair J. and Palmer, Paul I.},
    number = {13},
    month = {7},
    pages = {8931--8945},
    volume = {19},
    doi = {10.5194/acp-19-8931-2019},
    issn = {1680-7324}
}

@incollection{Prather2001AtmosphericGases,
    title = {{Atmospheric Chemistry and Greenhouse Gases}},
    year = {2001},
    booktitle = {Climate Change 2001, The Scientific Basis: Contribution of Working Group I to the Third Assessment Report of the Intergovernmental Panel on Climate},
    author = {Prather, M and Ehhalt, D and Dentener, F and Derwent, R and Dlugokencky, E and Holland, E and Isaksen, I and Katima, J and Kirchhoff, V and Matson, P and Midgley, P and Wang, M},
    editor = {Houghton, J T and Ding, Y and Griggs, Y and Noguer, M and Linden, P J and Dai, X and Maskell, K and Johnson, C A},
    pages = {881},
    publisher = {Cambridge University Press},
    url = {https://www.ipcc.ch/site/assets/uploads/2018/03/TAR-04.pdf},
    address = {Cambridge, United Kingdom and New York, NY, USA}
}

@article{Lunt2021Atmospheric20132020,
    title = {{Atmospheric observations consistent with reported decline in the UK's methane emissions (2013–2020)}},
    year = {2021},
    journal = {Atmospheric Chemistry and Physics},
    author = {Lunt, Mark F. and Manning, Alistair J. and Allen, Grant and Arnold, Tim and Bauguitte, Stéphane J.-B. and Boesch, Hartmut and Ganesan, Anita L. and Grant, Aoife and Helfter, Carole and Nemitz, Eiko and O'Doherty, Simon J. and Palmer, Paul I. and Pitt, Joseph R. and Rennick, Chris and Say, Daniel and Stanley, Kieran M. and Stavert, Ann R. and Young, Dickon and Rigby, Matt},
    number = {21},
    month = {11},
    pages = {16257--16276},
    volume = {21},
    doi = {10.5194/acp-21-16257-2021},
    issn = {1680-7324}
}

@incollection{1988ChapterLayer,
    title = {{Chapter 13 Marine Atmospheric Boundary Layer}},
    year = {1988},
    booktitle = {Introduction to Micrometeorology},
    editor = {Arya, S Pal},
    pages = {197--222},
    series = {International Geophysics},
    volume = {42},
    publisher = {Academic Press},
    url = {https://www.sciencedirect.com/science/article/pii/S0074614208604283},
    doi = {https://doi.org/10.1016/S0074-6142(08)60428-3},
    issn = {0074-6142}
}

@article{Sathe2011ComparisonSea,
    title = {{Comparison of the atmospheric stability and wind profiles at two wind farm sites over a long marine fetch in the North Sea}},
    year = {2011},
    journal = {Wind Energy},
    author = {Sathe, A and Gryning, S and Pe{\~{n}}a, A},
    number = {6},
    month = {9},
    pages = {767--780},
    volume = {14},
    doi = {10.1002/we.456},
    issn = {1095-4244}
}

@article{OShea2013DevelopmentCOampltsubampgt2amplt/subampgt,
    title = {{Development of a cavity-enhanced absorption spectrometer for airborne measurements of CH{\&}amp;lt;sub{\&}amp;gt;4{\&}amp;lt;/sub{\&}amp;gt; and CO{\&}amp;lt;sub{\&}amp;gt;2{\&}amp;lt;/sub{\&}amp;gt;}},
    year = {2013},
    journal = {Atmospheric Measurement Techniques},
    author = {O'Shea, S. J. and Bauguitte, S. J.-B. and Gallagher, M. W. and Lowry, D. and Percival, C. J.},
    number = {5},
    month = {5},
    pages = {1095--1109},
    volume = {6},
    doi = {10.5194/amt-6-1095-2013},
    issn = {1867-8548}
}

@article{Smith2023DevelopmentSystem,
    title = {{Development of Methods for Top-Down Methane Emission Measurements of Oil and Gas Facilities in an Offshore Environment Using a Miniature Methane Spectrometer and Long-Endurance Uncrewed Aerial System}},
    year = {2023},
    journal = {SPE Production {\&} Operations},
    author = {Smith, Brendan J. and Buckingham, Stuart and Touzel, Daniel F. and Corbett, Abigail M. and Tavner, Charles},
    month = {8},
    pages = {1--13},
    doi = {10.2118/206181-PA},
    issn = {1930-1855}
}

@article{Fiehn2020EstimatingApproach,
    title = {{Estimating CH{\_}4, CO{\_}2 and CO emissions from coal mining and{\\\}industrial activities in the Upper Silesian Coal Basin using an{\\\}aircraft-based mass balance approach}},
    year = {2020},
    journal = {Atmospheric Chemistry and Physics},
    author = {Fiehn, A and Kostinek, J and Eckl, M and Klausner, T and Ga{\l}kowski, M and Chen, J and Gerbig, C and R{\"{o}}ckmann, T and Maazallahi, H and Schmidt, M and Korbe{\'{n}}, P and Ne{\c{c}}ki, J and Jagoda, P and Wildmann, N and Mallaun, C and Bun, R and Nickl, A.-L. and J{\"{o}}ckel, P and Fix, A and Roiger, A},
    number = {21},
    pages = {12675--12695},
    volume = {20},
    url = {https://acp.copernicus.org/articles/20/12675/2020/},
    doi = {10.5194/acp-20-12675-2020}
}

@article{Kostinek2021EstimatingModeling,
    title = {{Estimating Upper Silesian coal mine methane emissions from airborne in situ observations and dispersion modeling}},
    year = {2021},
    journal = {Atmospheric Chemistry and Physics},
    author = {Kostinek, J and Roiger, A and Eckl, M and Fiehn, A and Luther, A and Wildmann, N and Klausner, T and Fix, A and Knote, C and Stohl, A and Butz, A},
    number = {11},
    month = {6},
    pages = {8791--8807},
    volume = {21},
    doi = {10.5194/acp-21-8791-2021},
    issn = {1680-7324}
}

@article{France2021FacilityEmissions,
    title = {{Facility level measurement of offshore oil and gas installations from a medium-sized airborne platform: method development for quantification and source identification of methane emissions}},
    year = {2021},
    journal = {Atmospheric Measurement Techniques},
    author = {France, J. L. and Bateson, P and Dominutti, P and Allen, G and Andrews, S and Bauguitte, S and Coleman, M and Lachlan-Cope, T and Fisher, R. E. and Huang, L. and Jones, Anna E. and Lee, J and Lowry, D and Pitt, J and Purvis, R and Pyle, J and Shaw, J and Warwick, N and Weiss, A and Wilde, S and Witherstone, J and Young, S},
    number = {1},
    month = {1},
    pages = {71--88},
    volume = {14},
    doi = {10.5194/amt-14-71-2021},
    issn = {1867-8548}
}

@article{Lee2018FlowRelease,
    title = {{Flow rate and source reservoir identification from airborne chemical sampling of the uncontrolled Elgin platform gas release}},
    year = {2018},
    journal = {Atmospheric Measurement Techniques},
    author = {Lee, J D. and Mobbs, S D. and Wellpott, A and Allen, G and Bauguitte, S J.-B. and Burton, R R. and Camilli, R and Coe, H and Fisher, R E. and France, J L. and Gallagher, M and Hopkins, J R. and Lanoiselle, M and Lewis, A C. and Lowry, D and Nisbet, E G. and Purvis, R M. and O'Shea, S and Pyle, J A. and Ryerson, T B.},
    number = {3},
    month = {3},
    pages = {1725--1739},
    volume = {11},
    doi = {10.5194/amt-11-1725-2018},
    issn = {1867-8548}
}

@misc{IEA2022Global2022,
    title = {{Global Methane Tracker 2022}},
    year = {2022},
    author = {{IEA}},
    url = {https://www.iea.org/reports/global-methane-tracker-2022}
}

@article{Ilyinskaya2018GloballyIceland,
    title = {{Globally Significant CO <sub>2</sub> Emissions From Katla, a Subglacial Volcano in Iceland}},
    year = {2018},
    journal = {Geophysical Research Letters},
    author = {Ilyinskaya, Evgenia and Mobbs, Stephen and Burton, Ralph and Burton, Mike and Pardini, Federica and Pfeffer, Melissa Anne and Purvis, Ruth and Lee, James and Bauguitte, Stéphane and Brooks, Barbara and Colfescu, Ioana and Petersen, Gudrun Nina and Wellpott, Axel and Bergsson, Baldur},
    number = {19},
    month = {10},
    volume = {45},
    doi = {10.1029/2018GL079096},
    issn = {0094-8276}
}

@misc{Https://gml.noaa.gov/staff/Colm.Sweeney/,
    title = {{https://gml.noaa.gov/staff/Colm.Sweeney/}}
}

@misc{Https://www.edfeurope.org/team/daniel-zavala-araiza,
    title = {{https://www.edfeurope.org/team/daniel-zavala-araiza}}
}

@misc{Https://www.edfeurope.org/team/stefan-schwietzke,
    title = {{https://www.edfeurope.org/team/stefan-schwietzke}}
}

@article{Gakowski2021InAircraft,
    title = {{In situ observations of greenhouse gases over Europe during the CoMet 1.0 campaign aboard the HALO aircraft}},
    year = {2021},
    journal = {Atmospheric Measurement Techniques},
    author = {Ga{\l}kowski, Michał and Jordan, Armin and Rothe, Michael and Marshall, Julia and Koch, Frank-Thomas and Chen, Jinxuan and Agusti-Panareda, Anna and Fix, Andreas and Gerbig, Christoph},
    number = {2},
    month = {2},
    pages = {1525--1544},
    volume = {14},
    doi = {10.5194/amt-14-1525-2021},
    issn = {1867-8548}
}

@article{Shaw2022LargeZambia,
    title = {{Large Methane Emission Fluxes Observed From Tropical Wetlands in Zambia}},
    year = {2022},
    journal = {Global Biogeochemical Cycles},
    author = {Shaw, Jacob T. and Allen, Grant and Barker, Patrick and Pitt, Joseph R. and Pasternak, Dominika and Bauguitte, Stéphane J.‐B. and Lee, James and Bower, Keith N. and Daly, Michael C. and Lunt, Mark F. and Ganesan, Anita L. and Vaughan, Adam R. and Chibesakunda, Francis and Lambakasa, Musa and Fisher, Rebecca E. and France, James L. and Lowry, David and Palmer, Paul I. and Metzger, Stefan and Parker, Robert J. and Gedney, Nicola and Bateson, Prudence and Cain, Michelle and Lorente, Alba and Borsdorff, Tobias and Nisbet, Euan G.},
    number = {6},
    month = {6},
    volume = {36},
    doi = {10.1029/2021GB007261},
    issn = {0886-6236}
}

@article{OShea2014Methane2012,
    title = {{Methane and carbon dioxide fluxes and their regional scalability for the European Arctic wetlands during the MAMM project in summer 2012}},
    year = {2014},
    journal = {Atmospheric Chemistry and Physics},
    author = {O'Shea, S. J. and Allen, G. and Gallagher, M. W. and Bower, K. and Illingworth, S. M. and Muller, J. B. A. and Jones, B. T. and Percival, C. J. and Bauguitte, S. J-B. and Cain, M. and Warwick, N. and Quiquet, A. and Skiba, U. and Drewer, J. and Dinsmore, K. and Nisbet, E. G. and Lowry, D. and Fisher, R. E. and France, J. L. and Aurela, M. and Lohila, A. and Hayman, G. and George, C. and Clark, D. B. and Manning, A. J. and Friend, A. D. and Pyle, J.},
    number = {23},
    month = {12},
    pages = {13159--13174},
    volume = {14},
    doi = {10.5194/acp-14-13159-2014},
    issn = {1680-7324}
}

@article{Conley2016MethaneCA,
    title = {{Methane emissions from the 2015 Aliso Canyon blowout in Los Angeles, CA}},
    year = {2016},
    journal = {Science},
    author = {Conley, S. and Franco, G. and Faloona, I. and Blake, D. R. and Peischl, J. and Ryerson, T. B.},
    number = {6279},
    month = {3},
    pages = {1317--1320},
    volume = {351},
    doi = {10.1126/science.aaf2348},
    issn = {0036-8075}
}

@article{Conley2016MethaneCAb,
    title = {{Methane emissions from the 2015 Aliso Canyon blowout in Los Angeles, CA}},
    year = {2016},
    journal = {Science},
    author = {Conley, S. and Franco, G. and Faloona, I. and Blake, D. R. and Peischl, J. and Ryerson, T. B.},
    number = {6279},
    month = {3},
    pages = {1317--1320},
    volume = {351},
    doi = {10.1126/science.aaf2348},
    issn = {0036-8075}
}

@article{Foulds2022QuantificationShelf,
    title = {{Quantification and assessment of methane emissions from offshore oil and gas facilities on the Norwegian continental shelf}},
    year = {2022},
    journal = {Atmospheric Chemistry and Physics},
    author = {Foulds, Amy and Allen, Grant and Shaw, Jacob T. and Bateson, Prudence and Barker, Patrick A. and Huang, Langwen and Pitt, Joseph R. and Lee, James D. and Wilde, Shona E. and Dominutti, Pamela and Purvis, Ruth M. and Lowry, David and France, James L. and Fisher, Rebecca E. and Fiehn, Alina and P{\"{u}}hl, Magdalena and Bauguitte, Stéphane J. B. and Conley, Stephen A. and Smith, Mackenzie L. and Lachlan-Cope, Tom and Pisso, Ignacio and Schwietzke, Stefan},
    number = {7},
    month = {4},
    pages = {4303--4322},
    volume = {22},
    url = {https://acp.copernicus.org/articles/22/4303/2022/},
    doi = {10.5194/acp-22-4303-2022},
    issn = {1680-7324}
}

@misc{CopernicusDataSpaceSentinel-2Data,
    title = {{Sentinel-2 Data}},
    author = {{Copernicus Data Space}},
    howpublished = {https://dataspace.copernicus.eu/explore-data/data-collections/sentinel-data/sentinel-2}
}

@article{Wilde2021SpeciationProduction,
    title = {{Speciation of VOC emissions related to offshore North Sea oil and gas production}},
    year = {2021},
    journal = {Atmospheric Chemistry and Physics},
    author = {Wilde, Shona E. and Dominutti, Pamela A. and Allen, Grant and Andrews, Stephen J. and Bateson, Prudence and Bauguitte, Stephane J.-B. and Burton, Ralph R. and Colfescu, Ioana and France, James and Hopkins, James R. and Huang, Langwen and Jones, Anna E. and Lachlan-Cope, Tom and Lee, James D. and Lewis, Alastair C. and Mobbs, Stephen D. and Weiss, Alexandra and Young, Stuart and Purvis, Ruth M.},
    number = {5},
    month = {3},
    pages = {3741--3762},
    volume = {21},
    doi = {10.5194/acp-21-3741-2021},
    issn = {1680-7324}
}

@article{Barker2024TargetingBarrier,
    title = {{Targeting the transferrin receptor to transport antisense oligonucleotides across the mammalian blood-brain barrier}},
    year = {2024},
    journal = {Science Translational Medicine},
    author = {Barker, Scarlett J. and Thayer, Mai B. and Kim, Chaeyoung and Tatarakis, David and Simon, Matthew J. and Dial, Rebekah and Nilewski, Lizanne and Wells, Robert C. and Zhou, Yinhan and Afetian, Megan and Akkapeddi, Padma and Chappell, Alfred and Chew, Kylie S. and Chow, Johann and Clemens, Allisa and Discenza, Claire B. and Dugas, Jason C. and Dwyer, Chrissa and Earr, Timothy and Ha, Connie and Ho, Yvonne S. and Huynh, David and Lozano, Edwin I. and Jayaraman, Srini and Kwan, Wanda and Mahon, Cathal and Pizzo, Michelle and Robles-Colmenares, Yaneth and Roche, Elysia and Sanders, Laura and Stergioulis, Alexander and Tong, Raymond and Tran, Hai and Zuchero, Y. and Estrada, Anthony A. and Gadkar, Kapil and Koth, Christopher M. M. and Sanchez, Pascal E. and Thorne, Robert G. and Watts, Ryan J. and Sandmann, Thomas and Kane, Lesley A. and Rigo, Frank and Dennis, Mark S. and Lewcock, Joseph W. and DeVos, Sarah L.},
    number = {760},
    month = {8},
    volume = {16},
    doi = {10.1126/scitranslmed.adi2245},
    issn = {1946-6234}
}

@article{Shah2020TestingSampling,
    title = {{Testing the near-field Gaussian plume inversion flux quantification technique using unmanned aerial vehicle sampling}},
    year = {2020},
    journal = {Atmospheric Measurement Techniques},
    author = {Shah, A and Pitt, J R. and Ricketts, H and Leen, J. B and Williams, P I. and Kabbabe, K and Gallagher, M W. and Allen, G},
    number = {3},
    month = {3},
    pages = {1467--1484},
    volume = {13},
    doi = {10.5194/amt-13-1467-2020},
    issn = {1867-8548}
}

@article{Saunois2020The20002017,
    title = {{The Global Methane Budget 2000–2017}},
    year = {2020},
    journal = {Earth System Science Data},
    author = {Saunois, M and Stavert, A R. and Poulter, B and Bousquet, P and Canadell, J G. and Jackson, R B. and Raymond, P A. and Dlugokencky, E J. and Houweling, S and Patra, P K. and Ciais, P and Arora, V K. and Bastviken, D and Bergamaschi, P and Blake, D R. and Brailsford, G and Bruhwiler, L and Carlson, K M. and Carrol, M and Castaldi, S and Chandra, N and Crevoisier, C and Crill, P M. and Covey, K and Curry, C L. and Etiope, G and Frankenberg, C and Gedney, N and Hegglin, M I. and H{\"{o}}glund-Isaksson, L and Hugelius, G and Ishizawa, M and Ito, A and Janssens-Maenhout, G and Jensen, K M. and Joos, F and Kleinen, T and Krummel, P B. and Langenfelds, R L. and Laruelle, G G. and Liu, L and Machida, T and Maksyutov, S and McDonald, K C. and McNorton, J and Miller, P A. and Melton, J R. and Morino, I and M{\"{u}}ller, J and Murguia-Flores, F and Naik, V and Niwa, Y and Noce, S and O'Doherty, S and Parker, R J. and Peng, C and Peng, S and Peters, G P. and Prigent, C and Prinn, R and Ramonet, M and Regnier, P and Riley, W J. and Rosentreter, J A. and Segers, A and Simpson, I J. and Shi, H and Smith, S J. and Steele, L. P and Thornton, B F. and Tian, H and Tohjima, Y and Tubiello, F N. and Tsuruta, A and Viovy, N and Voulgarakis, A and Weber, T S. and van Weele, M and van der Werf, G R. and Weiss, R  F. and Worthy, D and Wunch, D and Yin, Y and Yoshida, Y and Zhang, W and Zhang, Z and Zhao, Y and Zheng, B and Zhu, Q and Zhu, Q and Zhuang, Q},
    number = {3},
    month = {7},
    pages = {1561--1623},
    volume = {12},
    doi = {10.5194/essd-12-1561-2020},
    issn = {1866-3516}
}